@misc{pungas,
        title={A dataset of English plaintext jokes.},
        url={https://github.com/taivop/joke-dataset},
        author={Pungas, Taivo},
        year={2017},
        publisher = {GitHub},
        journal = {GitHub repository}
}

@misc{zhang2019dialogpt,
    title={DialoGPT: Large-Scale Generative Pre-training for Conversational Response Generation},
    author={Yizhe Zhang and Siqi Sun and Michel Galley and Yen-Chun Chen and Chris Brockett and Xiang Gao and Jianfeng Gao and Jingjing Liu and Bill Dolan},
    year={2019},
    eprint={1911.00536},
    archivePrefix={arXiv},
    primaryClass={cs.CL}
}

@article{radford2019language,
  title={Language Models are Unsupervised Multitask Learners},
  author={Radford, Alec and Wu, Jeff and Child, Rewon and Luan, David and Amodei, Dario and Sutskever, Ilya},
  year={2019}
}

@InProceedings{li2017dailydialog,
                           author = {Li, Yanran and Su, Hui and Shen, Xiaoyu and Li, Wenjie and Cao, Ziqiang and Niu, Shuzi},
                           title = {DailyDialog: A Manually Labelled Multi-turn Dialogue Dataset},
                           booktitle = {Proceedings of The 8th International Joint Conference on Natural Language Processing (IJCNLP 2017)},
                           year = {2017}
}

@article{DBLP:journals/corr/abs-1901-08149,
  author    = {Thomas Wolf and
               Victor Sanh and
               Julien Chaumond and
               Clement Delangue},
  title     = {TransferTransfo: {A} Transfer Learning Approach for Neural Network
               Based Conversational Agents},
  journal   = {CoRR},
  volume    = {abs/1901.08149},
  year      = {2019},
  url       = {http://arxiv.org/abs/1901.08149},
  archivePrefix = {arXiv},
  eprint    = {1901.08149},
  timestamp = {Sat, 02 Feb 2019 16:56:00 +0100},
  biburl    = {https://dblp.org/rec/bib/journals/corr/abs-1901-08149},
  bibsource = {dblp computer science bibliography, https://dblp.org}
}